@misc{estrato,
  author       = {{Departamento Administrativo Nacional de Estadística (DANE)}},
  title        = {Estratificación Socioeconómica},
  year         = {2025},
  url          = {https://www.dane.gov.co/index.php/servicios-al-ciudadano/servicios-informacion/estratificacion-socioeconomica},
  note         = {Accessed: 2025-01-21}
}
