
@misc{pensum_ambiental,
  author    = {Universidad de los Andes},
  title     = {Ingeniería Ambiental - Pregrado},
  year      = {2025},
  url       = {https://civilyambiental.uniandes.edu.co/es/pregrado/ingenieria-ambiental},
  note      = {Accedido: 2025-01-05}
}

@misc{pensum_biomedica,
  author    = {Universidad de los Andes},
  title     = {Ingeniería Biomédica - Pregrado},
  year      = {2025},
  url       = {https://ingbiomedica.uniandes.edu.co/es/programas/pregrado},
  note      = {Accedido: 2025-01-05}
}

@misc{pensum_civil,
  author    = {Universidad de los Andes},
  title     = {Ingeniería Civil - Pregrado},
  year      = {2025},
  url       = {https://civilyambiental.uniandes.edu.co/es/pregrado/ingenieria-civil},
  note      = {Accedido: 2025-01-05}
}

@misc{pensum_electronica,
  author    = {Universidad de los Andes},
  title     = {Ingeniería Electrónica - Programa Académico},
  year      = {2025},
  url       = {https://electricayelectronica.uniandes.edu.co/es/programa-academico/ingenieria-electronica},
  note      = {Accedido: 2025-01-05}
}

@misc{pensum_industrial,
  author    = {Universidad de los Andes},
  title     = {Ingeniería Industrial - Pregrado},
  year      = {2025},
  url       = {https://industrial.uniandes.edu.co/es/programas-academicos/pregrado/ingenieria-industrial},
  note      = {Accedido: 2025-01-05}
}

@misc{pensum_electrica,
  author    = {Universidad de los Andes},
  title     = {Ingeniería Eléctrica - Programa Académico},
  year      = {2025},
  url       = {https://electricayelectronica.uniandes.edu.co/es/programa-academico/ingenieria-electrica},
  note      = {Accedido: 2025-01-05}
}

@misc{pensum_sistemas,
  author    = {Universidad de los Andes},
  title     = {Plan de Estudios - Ingeniería de Sistemas},
  year      = {2025},
  url       = {https://sistemas.uniandes.edu.co/es/isis-curriculo/plan-estudios},
  note      = {Accedido: 2025-01-05}
}

@misc{pensum_mecanica,
  author    = {Universidad de los Andes},
  title     = {Ingeniería Mecánica - Pregrado},
  year      = {2025},
  url       = {https://mecanica.uniandes.edu.co/es/pregrado},
  note      = {Accedido: 2025-01-05}
}

@misc{pensum_alimentos,
  author    = {Universidad de los Andes},
  title     = {Ingeniería de Alimentos - Pregrado},
  year      = {2025},
  url       = {https://quimicayalimentos.uniandes.edu.co/es/programas-academicos/pregrados/ingenieria-de-alimentos},
  note      = {Accedido: 2025-01-05}
}

@misc{pensum_quimica,
  author    = {Universidad de los Andes},
  title     = {Ingeniería Química - Programa Académico},
  year      = {2025},
  url       = {https://quimicayalimentos.uniandes.edu.co/es/programa-acad%C3%A9mico/ingenier%C3%ADa-qu%C3%ADmica},
  note      = {Accedido: 2025-01-05}
}