@online{isort,
  author = {Korir, Nicanor},
  title = {Import Order: A Matter of Readability and Maintainability},
  year = {2023},
  url = {https://nicanorkorir.medium.com/import-order-a-matter-of-readability-and-maintainability-92d44df13e1d},
  urldate = {2024-10-22}
}

@book{learning_python,
  author    = {Mark Lutz},
  title     = {Learning Python},
  edition   = {5th Edition},
  year      = {2013},
  publisher = {O'Reilly Media},
  address   = {Sebastopol, CA},
  isbn      = {978-1449355739},
  url       = {https://www.oreilly.com/library/view/learning-python-5th/9781449355722/}
}

@misc{python_official_docs,
  author    = {Python Software Foundation},
  title     = {What is Python?},
  year      = {2025},
  url       = {https://docs.python.org/3/faq/general.html#what-is-python}
}

@misc{fastapi_docs,
  author    = {Sebastián Ramírez},
  title     = {FastAPI},
  year      = {2025},
  url       = {https://fastapi.tiangolo.com/},
  note      = {Accessed: 2025-01-05}
}

@misc{fastapi_features,
  author       = {Sebastián Ramírez},
  title        = {FastAPI: Features},
  year         = {2025},
  url          = {https://fastapi.tiangolo.com/features/},
  note         = {Accessed: 2025-01-05}
}


@misc{fastapi_benchmarks,
  author       = {Sebastián Ramírez},
  title        = {FastAPI: Performance Benchmarks},
  year         = {2025},
  url          = {https://fastapi.tiangolo.com/benchmarks/},
  note         = {Accessed: 2025-01-05}
}
