@book{villalobos2021,
  author = {Villalobos, Jorge},
  publisher = {ResearchGate},
  year = {2024},
  month = {07},
  pages = {},
  title = {El Modelo de Negocio - Lecturas para Arquitectos de Negocio},
  isbn = {978-958-49-2393-6}
}

@misc{banner,
  author = {Ellucian},
  title = {Ellucian Banner},
  url = {https://www.ellucian.com/es/soluciones/ellucian-banner},
  note = {Consultado el 20 de noviembre de 2024}
}

@misc{advise,
  author = {Ellucian},
  title = {Ellucian CRM Advise},
  url = {https://www.ellucian.com/solutions/ellucian-crm-advise},
  note = {Consultado el 20 de noviembre de 2024}
}

@misc{oferta_cursos,
  author = {Universidad de los Andes},
  title = {Oferta de Cursos},
  url = {https://ofertadecursos.uniandes.edu.co/},
  note = {Consultado el 20 de noviembre de 2024}
}

@misc{ecosistema,
    title = {Ecosistema de analítica institucional},
    url = {https://uniandes.sharepoint.com/sites/gobierno-de-datos/SitePages/Estrategia-de-datos.aspx},
    note = {Consultado el 20 de noviembre de 2024},
    author = {Universidad de los Andes},
    year = {2024}
}


@misc{ip,
  author    = {Universidad de los Andes},
  title     = {ISIS-1221 - Introducción a la Programación},
  year      = {2024},
  url       = {https://uniandes.smartcatalogiq.com/2024/catalogo/cursos/isis/1000/isis-1221/},
  note      = {Accedido: 2025-01-05}
}
