@book{few2010,
  author = {Stephen Few},
  publisher = {O'Reilly},
  title = {Information Dashboard Design: The Effective Visual Communication of Data},
  year = {2010},
  month = {3},
  pages = {224},
  isbn = {9780596100162}
}